@Manual{Manual:ELF,
  title = 	 {Tool Interface Standard(TIS) Executable and Linking Format(ELF) Sepcification},
  author = 	 {TIS Committee},
  organization = {Tool Interface Standard},
  year = 	 1995}


@Manual{Manual:glibc2.3,
  title = 	 {GNU C Library Version 2.3},
  author = 	 {Ulrich Drepper},
  organization = {Red Hat, Inc.},
  month = 	 {May},
  year = 	 2002,
  note = 	 {\url{http://people.redhat.com/drepper/lt2002talk.pdf}}
}

